%% Obtained via the getNewBibTeX script and the SPIRES biblio service

@Article{WeinbergModelOfLeptons,
     author    = "Weinberg, Steven",
     title     = "A Model OF Leptons",
     journal   = "Phys. Rev. Lett.",
     volume    = "19",
     year      = "1967",
     pages     = "1264-1266",
     SLACcitation  = "%%CITATION = PRLTA,19,1264;%%"
}

@Article{GlashowPartialSymmetries,
     author    = "Glashow, S. L.",
     title     = "Partial Symmetries of Weak Interactions",
     journal   = "Nucl. Phys.",
     volume    = "22",
     year      = "1961",
     pages     = "579",
     doi       = "10.1016/0029-5582(61)90469-2"
},

@article{PhysRevLett.30.1343,
  title = {Ultraviolet Behavior of Non-Abelian Gauge Theories},
  author = {Gross, David J. and Wilczek, Frank},
  journal = {Phys. Rev. Lett.},
  volume = {30},
  issue = {26},
  pages = {1343--1346},
  numpages = {0},
  year = {1973},
  month = {Jun},
  publisher = {American Physical Society},
  doi = {10.1103/PhysRevLett.30.1343},
  url = {http://link.aps.org/doi/10.1103/PhysRevLett.30.1343}
}

@article{PhysRevLett.30.1346,
  title = {Reliable Perturbative Results for Strong Interactions?},
  author = {Politzer, H. David},
  journal = {Phys. Rev. Lett.},
  volume = {30},
  issue = {26},
  pages = {1346--1349},
  numpages = {0},
  year = {1973},
  month = {Jun},
  publisher = {American Physical Society},
  doi = {10.1103/PhysRevLett.30.1346},
  url = {http://link.aps.org/doi/10.1103/PhysRevLett.30.1346}
}


% citation title from "The rise of the standard model: particle physics in the 1960s and 1970s", By Lillian Hoddeson
@Inproceedings{SalamNobelSymposium,
    author = "Salam, Abdus",
    editor = "Svartholm, Nils",
    publisher = "Almqvist \& Wiskell",
    address = "Stockholm",
    year = "1968",
    booktitle = "Elementary particle physics: relativistic groups and analyticity",
    note = "Proceedings of the eighth Nobel symposium",
    title = "Weak and electromagnetic interactions",
    pages = "367"
}

% Higgs Mechanism
@article{Englert:1964et,
	Author = {F. Englert and R. Brout},
	Doi = {10.1103/PhysRevLett.13.321},
	Journal = {Phys. Rev. Lett.},
	Pages = {321},
	Title = {Broken symmetry and the mass of gauge vector mesons},
	Volume = {13},
	Year = {1964}}

@article{Higgs:1964ia,
	Author = {Higgs, P. W.},
	Doi = {10.1016/0031-9163(64)91136-9},
	Journal = {Phys. Lett.},
	Pages = {132},
	Title = {Broken symmetries, massless particles and gauge fields},
	Volume = {12},
	Year = {1964}}

@article{Higgs:1964pj,
	Author = {Higgs, P. W.},
	Doi = {10.1103/PhysRevLett.13.508},
	Journal = {Phys. Rev. Lett.},
	Pages = {508},
	Title = {Broken symmetries and the masses of gauge bosons},
	Volume = {13},
	Year = {1964}}

@article{Guralnik:1964eu,
	Author = {Guralnik, G. S. and Hagen, C. R. and Kibble, T. W. B.},
	Doi = {10.1103/PhysRevLett.13.585},
	Journal = {Phys. Rev. Lett.},
	Pages = {585},
	Title = {Global conservation laws and massless particles},
	Volume = {13},
	Year = {1964}}

@article{Higgs:1966ev,
	Author = {Higgs, P. W.},
	Doi = {10.1103/PhysRev.145.1156},
	Journal = {Phys. Rev.},
	Pages = {1156},
	Title = {Spontaneous symmetry breakdown without massless bosons},
	Volume = {145},
	Year = {1966}}

@article{Kibble:1967sv,
	Author = {Kibble, T. W. B.},
	Doi = {10.1103/PhysRev.155.1554},
	Journal = {Phys. Rev.},
	Pages = 1554,
	Title = {Symmetry breaking in non-{A}belian gauge theories},
	Volume = 155,
	Year = 1967
}



@Article{Phys.Rev.D2.1285,
     author    = "Glashow, S. L. and Iliopoulos, J. and Maiani, L.",
     title     = "WEAK INTERACTIONS WITH LEPTON - HADRON SYMMETRY",
     journal   = "Phys. Rev.",
     volume    = "D2",
     year      = "1970",
     pages     = "1285-1292",
     SLACcitation  = "%%CITATION = PHRVA,D2,1285;%%"
}

@Article{hep-ph/0410370,
     author    = "Willenbrock, Scott",
     title     = "Symmetries of the standard model",
     year      = "2004",
     eprint    = "hep-ph/0410370",
     SLACcitation  = "%%CITATION = HEP-PH 0410370;%%"
}

@article{ refId0,
author = {{Planck Collaboration}},
title = {Planck 2013 results. I. Overview of products
          and scientific results},
DOI= "10.1051/0004-6361/201321529",
url= "http://dx.doi.org/10.1051/0004-6361/201321529",
journal = {Astronomy and Astrophysics},
year = 2014,
volume = 571,
pages = "A1",
month = "",
}

@article{Zwicky:1933gu,
      author         = "Zwicky, F.",
      title          = "{Die Rotverschiebung von extragalaktischen Nebeln}",
      journal        = "Helv. Phys. Acta",
      volume         = "6",
      year           = "1933",
      pages          = "110-127",
      SLACcitation   = "%%CITATION = HPACA,6,110;%%"
}


@article{Freese:2008cz,
      author         = "Freese, Katherine",
      title          = "{Review of Observational Evidence for Dark Matter in the
                        Universe and in upcoming searches for Dark Stars}",
      booktitle      = "{Proceedings, Dark Energy and Dark Matter: Observations
                        Experiments and Theories}",
      journal        = "EAS Publ. Ser.",
      volume         = "36",
      year           = "2009",
      pages          = "113-126",
      doi            = "10.1051/eas/0936016",
      eprint         = "0812.4005",
      archivePrefix  = "arXiv",
      primaryClass   = "astro-ph",
      SLACcitation   = "%%CITATION = ARXIV:0812.4005;%%"
}

@article{1538-4357-648-2-L109,
  author={Douglas Clowe and Maruša Bradač and Anthony H. Gonzalez and Maxim Markevitch and Scott W. Randall and Christine
Jones and Dennis Zaritsky},
  title={A Direct Empirical Proof of the Existence of Dark Matter},
  journal={The Astrophysical Journal Letters},
  volume={648},
  number={2},
  pages={L109},
  url={http://stacks.iop.org/1538-4357/648/i=2/a=L109},
  year={2006},
}

% LHC
@Article{Brianti:2004qq,
     author    = "Brianti, G.",
     title     = "The Large Hadron Collider project: Historical account",
     journal   = "Phys. Rept.",
     volume    = "403-404",
     year      = "2004",
     pages     = "349-364",
     SLACcitation  = "%%CITATION = PRPLC,403-404,349;%%"
}

% Detector 
@article{ trackerperformance,
        author = {{Tricomi, Alessia}},
        title = {Performances of the ATLAS and CMS silicon tracker},
        DOI= "10.1140/epjcd/s2004-03-1801-1",
        url= "http://dx.doi.org/10.1140/epjcd/s2004-03-1801-1",
        journal = {Eur Phys J C},
        year = 2004,
        volume = 33,
        pages = "s1023-s1025",
        month = "",
}


@article{Abdullin:2009zz,
      author         = "Abdullin, S. and others",
      title          = "{The CMS barrel calorimeter response to particle beams
                        from 2-GeV/c to 350-GeV/c}",
      collaboration  = "USCMS, ECAL/HCAL",
      journal        = "Eur. Phys. J.",
      volume         = "C60",
      year           = "2009",
      pages          = "359-373",
      doi            = "10.1140/epjc/s10052-009-0959-5,
                        10.1140/epjc/s10052-009-1024-0",
      note           = "[Erratum: Eur. Phys. J.C61,353(2009)]",
      reportNumber   = "FERMILAB-PUB-08-661-E-PPD, CERN-CMS-NOTE-2008-034",
      SLACcitation   = "%%CITATION = EPHJA,C60,359;%%"
}

@book{Bayatian:922757,
      title         = "{CMS Physics: Technical Design Report Volume 1: Detector
                       Performance and Software}",
      publisher     = "CERN",
      collaboration = "CMS Collaboration",
      address       = "Geneva",
      series        = "Technical Design Report CMS",
      year          = "2006",
      url           = "https://cds.cern.ch/record/922757",
      note          = "There is an error on cover due to a technical problem for
                       some items",
}


@article{pdg,
      author         = "Olive, K. A. and others",
      title          = "{Review of Particle Physics}",
      collaboration  = "Particle Data Group",
      journal        = "Chin. Phys.",
      volume         = "C38",
      year           = "2014",
      pages          = "090001",
      doi            = "10.1088/1674-1137/38/9/090001",
      SLACcitation   = "%%CITATION = CHPHD,C38,090001;%%"
}


@article{CMS-DP-2012-022,
      title         = "{Data Parking and Data Scouting \\ at the CMS Experiment}",
      collaboration = "CMS Collaboration",
      month         = "Sep",
      year          = "2012",
      reportNumber  = "CMS-DP-2012-022",
      url           = "https://cds.cern.ch/record/1480607",
}

@article{CMS-DP-2015-063,
      title         = "{History of ECAL response with laser data}",
      collaboration = "CMS Collaboration",
      month         = "Dec",
      year          = "2015",
      reportNumber  = "CMS-DP-2015-063",
      url           = "https://cds.cern.ch/record/2115434",
}

@article{Chatrchyan:1704291,
title         = "{Description and performance of track and primary-vertex
                       reconstruction with the CMS tracker}",
      journal       = "J. Instrum.",
      collaboration = "CMS Collaboration",
      number        = "arXiv:1405.6569. CERN-PH-EP-2014-070. CMS-TRK-11-001",
      volume        = "9",
      pages         = "P10009. 80 p",
      month         = "May",
      year          = "2014",
      reportNumber  = "arXiv:1405.6569",
      url           = "http://cds.cern.ch/record/1704291",
      note          = "Comments: Replaced with published version. Added journal
                       reference and DOI",
}

% tracks
@article{1748-0221-9-10-P10009,
  author={The CMS Collaboration},
  title={Description and performance of track and primary-vertex reconstruction with the CMS tracker},
  journal={Journal of Instrumentation},
  volume={9},
  number={10},
  pages={P10009},
  url={http://stacks.iop.org/1748-0221/9/i=10/a=P10009},
  year={2014},
}

% vertices
@article{Adam:2005cg,
    Author = {Adam, W. and Mangano, B. and Speer, T. and Todorov, T.},
    Date-Added = {2014-04-14 14:15:12 +0000},
    Date-Modified = {2014-04-14 21:57:20 +0000},
    Journal = {CMS Note},
    Keywords = {Tracking},
    Reportnumber = {CERN-CMS-NOTE-2006-041,
                 CMS-NOTE-2006-041},
    Slaccitation = {%%CITATION = CERN-CMS-NOTE-2006-041
    ETC.;%%},
    Title = {{Track reconstruction in the CMS
                                tracker}},
    Volume = {CMS-NOTE-2006-041},
    Year = {2005}
}

@article{DetAnnealing,
    Author = {K. Rose},
    Date-Added = {2014-02-19 18:54:58 +0000},
    Date-Modified = {2014-02-19 18:55:16 +0000},
    Journal = {Proceedings of the IEEE},
    Keywords = {HTTCited,ObjOther},
    Pages = {2210},
    Title = {{Deterministic Annealing for Clustering,
     Compression, Classification, Regression, and related
     Optimization Problems}},
    Url={http://ieeexplore.ieee.org/xpls/abs_all.jsp?arnumber=726788&tag=1},
    Volume = {86},
    Year = {1998}
}

@article{CMS-PAS-TRK-10-005,
  Collaboration = {CMS},
  Date-Added = {2014-04-08 14:10:21 +0000},
  Date-Modified = {2014-05-18 19:03:39 +0000},
  Journal = {CMS Physics Analysis Summary},
  Keywords = {CMSOther,Tracking},
  Title = {{Tracking and Primary Vertex Results in First 7 TeV Collisions}},
  Type = {CMS Physics Analysis Summary},
  Url = {http://cds.cern.ch/record/1279383},
  Volume = {CMS-PAS-TRK-10-005},
  Year = {2010}
}

@article{adaptivevertex,
  Author = {Fruhwirth, R. and Waltenberger, W. and Vanlaer, P.},
  Date-Added = {2014-04-14 14:40:07 +0000},
  Date-Modified = {2014-04-26 15:47:38 +0000},
  Doi = {10.1088/0954-3899/34/12/N01},
  Journal = {J. Phys.},
  Keywords = {Tracking},
  Pages = {N343},
  Reportnumber = {CERN-CMS-NOTE-2007-008,
  CMS-NOTE-2007-008},
  Slaccitation = {%%CITATION =
  JPHGB,G34,N343;%%},
  Title = {{Adaptive vertex fitting}},
  Volume = {G34},
  Year = {2007}
}

% electrons
@article{CMS-PAS-EGM-10-004,
  Collaboration = {CMS},
  Date-Added = {2014-04-09 14:36:41 +0000},
  Date-Modified = {2014-05-18 19:03:43 +0000},
  Journal = {{CMS Physics Analysis Summary}},
  Keywords = {CMSOther,EGamma},
  Title = {{Electron reconstruction and identification at
    $\sqrt{s}$ = 7 TeV}},
  Type = {CMS Physics Analysis Summary},
  Url = {http://cds.cern.ch/record/1299116},
  Volume = {CMS-PAS-EGM-10-004},
  Year = {2010}
}

@article{ElectronReco,
    Author = {Meschi, Emilio and Monteiro, T. and Seez, Christopher and Vikas,
    Pratibha},
    Date-Added = {2014-04-09 14:35:03 +0000},
    Date-Modified = {2014-04-14 21:58:23 +0000},
    Journal = {CMS Note},
    Keywords = {CMSOther,EGamma},
    Reportnumber = {CMS-NOTE-2001-034,
    CERN-CMS-NOTE-2001-034},
    Slaccitation = {%%CITATION = CMS-NOTE-2001-034
                ETC.;%%},
    Title = {{Electron Reconstruction in the CMS
              Electromagnetic Calorimeter}},
    Volume = {CMS-NOTE-2001-034},
    Year = {2001}
}

@article{GSFalgorithm,
   Author = {Adam, Wolfgang and Fr{\"u}hwirth, R. and Strandlie, Are and Todor,
    T.},
   Date-Added = {2014-04-14 15:05:19 +0000},
   Date-Modified = {2014-04-14 21:59:06 +0000},
   Journal = {CMS Note},
   Keywords = {EGamma},
   Reportnumber = {CMS-NOTE-2005-001,
    CERN-CMS-NOTE-2005-001},
   Slaccitation = {%%CITATION = CMS-NOTE-2005-001
     ETC.;%%},
   Title = {{Reconstruction of Electrons with the
   Gaussian-Sum Filter in the CMS Tracker at the
    LHC}},
   Volume = {CMS-NOTE-2005-001},
   Year = {2005}
}

@article{Baffioni:2006cd,
    Author = {Baffioni, S. and Charlot, C. and Ferri, F. and Futyan, D. and
    Meridiani, P. and others},
    Date-Added = {2014-04-09 15:25:51 +0000},
    Date-Modified = {2014-04-26 15:48:14 +0000},
    Doi = {10.1140/epjc/s10052-006-0175-5},
    Journal = {Eur. Phys. J.},
    Keywords = {CMSOther,EGamma},
    Pages = {1099-1116},
    Reportnumber = {CERN-CMS-NOTE-2006-040},
    Slaccitation = {%%CITATION = EPHJA,C49,1099;%%},
    Title = {{Electron reconstruction in CMS}},
    Volume = {C49},
    Year = {2007}
}

@article{1748-0221-10-06-P06005,
  author={CMS collaboration},
  title={Performance of electron reconstruction and selection with the CMS detector in proton-proton collisions at√ s = 8 TeV},
  journal={Journal of Instrumentation},
  volume={10},
  number={06},
  pages={P06005},
  url={http://stacks.iop.org/1748-0221/10/i=06/a=P06005},
  year={2015},
}

@article{TMVA,
    Archiveprefix = {arXiv},
    Author = {Hocker, Andreas and Stelzer, J. and Tegenfeldt, F. and Voss,
    H. and Voss, K. and others},
    Date-Added = {2014-05-15 19:33:28 +0000},
    Date-Modified = {2014-05-15 19:33:28 +0000},
    Eprint = {physics/0703039},
    Journal = {PoS},
    Pages = {040},
    Primaryclass = {PHYSICS},
    Reportnumber = {CERN-OPEN-2007-007},
    Slaccitation = {%%CITATION = PHYSICS/0703039;%%},
    Title = {{TMVA - Toolkit for Multivariate Data Analysis}},
    Volume = {ACAT},
    Year = {2007}
}


@article{MuonReco,
    Archiveprefix = {arXiv},
    Author = {Chatrchyan, Serguei and others},
    Collaboration = {CMS},
    Date-Added = {2014-04-10 15:09:50 +0000},
    Date-Modified = {2014-05-18 19:03:44 +0000},
    Doi = {10.1088/1748-0221/7/10/P10002},
    Eprint = {1206.4071},
    Journal = {JINST},
    Keywords = {CMSOther,Muon},
    Pages = {P10002},
    Primaryclass = {physics.ins-det},
    Reportnumber = {CMS-MUO-10-004,
    CERN-PH-EP-2012-173},
    Slaccitation = {%%CITATION = ARXIV:1206.4071;%%},
    Title = {{Performance of CMS muon reconstruction in $pp$ collision events at $\sqrt{s}=7$ TeV}},
    Volume = {7},
    Year = {2012}
}

@article{CMS-PAS-PFT-10-001,
    Collaboration = {CMS},
    Date-Added = {2014-05-17 10:14:21 +0000},
    Date-Modified = {2014-05-18 19:03:41 +0000},
    Journal = {{CMS Physics Analysis Summary}},
    Keywords = {PF},
    Title = {{ Commissioning of the Particle-flow Event
          Reconstruction with the first LHC collisions recorded in
          the CMS detector}},
    Url = {http://cds.cern.ch/record/1247373},
    Volume = {CMS-PAS-PFT-10-001},
    Year = {2010}
}
@article{CMS-PAS-PFT-10-002,
    Collaboration = {CMS},
    Date-Added = {2011-06-04 19:36:45 +0200},
    Date-Modified = {2014-05-18 19:03:40 +0000},
    Journal = {{CMS Physics Analysis Summary}},
    Keywords = {CMSOther,PF},
    Title = {{Commissioning of the Particle-Flow
     reconstruction in Minimum-Bias and Jet Events from pp
     Collisions at 7 TeV}},
    Type = {CMS Physics Analysis Summary},
    Url = {http://cdsweb.cern.ch/record/1279341},
    Volume = {CMS-PAS-PFT-10-002},
    Year = {2010}
}

@article{CMS-PAS-PFT-09-001,
    Author = {{CMS Collaboration}},
    Collaboration = {CMS},
    Date-Added = {2011-06-04 19:35:58 +0200},
    Date-Modified = {2014-05-18 19:03:41 +0000},
    Journal = {{CMS Physics Analysis Summary}},
    Keywords = {CMSOther,PF},
    Title = {{Particle-Flow Event Reconstruction in CMS
    and Performance for Jets, Taus, and MET}},
    Type = {CMS Physics Analysis Summary},
    Url = {http://cdsweb.cern.ch/record/1194487},
    Volume = {CMS-PAS-PFT-09-001},
    Year = {2009}
}

@article{Cacciari:fastjet1,
    Archiveprefix = {arXiv},
    Author = {Cacciari, Matteo and Salam, Gavin P. and Soyez, Gregory},
    Date-Added = {2014-02-19 19:00:39 +0000},
    Date-Modified = {2014-04-03 11:02:52 +0000},
    Doi = {10.1140/epjc/s10052-012-1896-2},
    Eprint = {1111.6097},
    Journal = {Eur. Phys. J. C},
    Keywords = {HTTCited,ObjOther,Jets},
    Pages = {1896},
    Primaryclass = {hep-ph},
    Reportnumber = {CERN-PH-TH-2011-297},
    Slaccitation = {%%CITATION = ARXIV:1111.6097;%%},
    Title = {{FastJet User Manual}},
    Volume = {72},
    Year = {2012}
}

@article{ARTICLE:CMSAN-14-227,
      author         = "N. Saoulidou and E. Tziaferi",
      title          = "{Performance of the Particle-Flow jet identification criteria using proton-proton collisions at 8 TeV}",
      journal        = "CMS Analysis Note: AN-14-227",
      year           = "2014",
      reportNumber   = "CMS AN-14-227"
}

@article{ARTICLE:CMSAN-12-403,
      author         = "{R. Aggleton, C. Asawatangtrakuldee, J. Brooke, O. Buchmueller, D. Colling, G. Davies, P. Dunne, S. Kumar, Q. Li, A. Magnan, K. Mazumdar, A. Nikitenko, J. Pela, P. Srimanobhas, D. Wang}",
      title          = "Search for an Invisible Higgs Boson",
      journal        = "CMS Analysis Note: AN-12-403",
      year           = "2012",
      reportNumber   = "CMS AN-12-403"
}

@article{ARTICLE:CMSAN-14-243,
      author         = "{C. Asawatangtrakuldee, J. Brooke, D. Colling, G. Davies, P. Dunne, A. Magnan, A. Nikitenko, J. Pela}",
      title          = "Search for a Higgs boson decaying to invisible final states",
      journal        = "CMS Analysis Note: AN-14-243",
      year           = "2012",
      reportNumber   = "CMS AN-14-243"
}

@article{CMS-JME-10-011,
    Archiveprefix = {arXiv},
    Author = {Chatrchyan, Serguei and others},
    Collaboration = {CMS},
    Date-Added = {2014-02-19 19:21:53 +0000},
    Date-Modified = {2014-04-03 11:02:11 +0000},
    Doi = {10.1088/1748-0221/6/11/P11002},
    Eprint = {1107.4277},
    Journal = {JINST},
    Keywords = {HTTCited,CMSOther,Jets},
    Pages = {11002},
    Primaryclass = {physics.ins-det},
    Title = {Determination of jet energy calibration and transverse momentum resolution in {CMS}},
    Volume = {6},
    Year = {2011}
}

@article{Abe:1992sj,
    Author = {Abe, F. and others},
    Collaboration = {CDF},
    Date-Added = {2014-04-14 19:30:52 +0000},
    Date-Modified = {2014-05-18 19:04:07 +0000},
    Doi = {10.1103/PhysRevLett.69.2896},
    Journal = {Phys. Rev. Lett.},
    Keywords = {Jets},
    Pages = {2896-2900},
    Reportnumber = {FERMILAB-PUB-92-182-E,
       ANL-HEP-PR-93-17},
    Slaccitation = {%%CITATION = PRLTA,69,2896;%%},
    Title = {{The Dijet angular distribution in $p\bar{p}$ collisions at $\sqrt{s} = 1.8$ TeV}},
    Volume = {69},
    Year = {1992}
}

@article{bjets,
    Archiveprefix = {arXiv},
    Author = {The CMS collaboration},
    Collaboration = {CMS},
    Date-Added = {2014-01-25 14:33:17 +0000},
    Date-Modified = {2014-05-18 19:03:37 +0000},
    Doi = {10.1088/1748-0221/8/04/P04013},
    Eprint = {1211.4462},
    Journal = {JINST},
    Keywords = {CMSOther},
    Pages = {P04013},
    Primaryclass = {hep-ex},
    Slaccitation = {%%CITATION = ARXIV:1211.4462;%%},
    Title = {{Identification of b-quark jets with the CMS experiment}},
    Url = {http://stacks.iop.org/1748-0221/8/i=04/a=P04013},
    Volume = {8},
    Year = {2013}
}

@article{CMS-PAS-JME-12-002,
    Collaboration = {CMS},
    Date-Added = {2014-01-25 12:33:16 +0000},
    Date-Modified = {2014-05-18 19:03:41 +0000},
    Journal = {{CMS Physics Analysis Summary}},
    Keywords = {HTTCited,CMSOther,MET},
    Title = {{Performance of Missing Transverse Momentum
    Reconstruction Algorithms in Proton-Proton Collisions at
    $\sqrt{s}$ = 8 TeV with the CMS Detector}},
    Url = {http://cds.cern.ch/record/1543527},
    Volume = {CMS-PAS-JME-12-002},
    Year = {2013}
}

@article{CMS-PAS-TAU-11-001,
    Archiveprefix = {arXiv},
    Author = {{CMS Collaboration}},
    Date-Added = {2014-02-19 18:50:14 +0000},
    Date-Modified = {2014-02-19 18:50:30 +0000},
    Doi = {10.1088/1748-0221/7/01/P01001},
    Eprint = {1109.6034},
    Journal = {JINST},
    Keywords = {HTTCited,CMSOther},
    Pages = {P01001},
    Primaryclass = {physics.ins-det},
    Title = {Performance of tau-lepton  
    reconstruction and identification in CMS},
    Volume = {7},
    Year = {2012}
}

@techreport{Khachatryan:2062435,
title         = "{Reconstruction and identification of $\tau$ lepton decays
                       to hadrons and $\nu_\tau$ at CMS}",
      institution   = "CERN",
      collaboration = "CMS Collaboration",
      address       = "Geneva",
      number        = "arXiv:1510.07488. CMS-TAU-14-001. CERN-PH-EP-2015-261",
      month         = "Oct",
      year          = "2015",
      reportNumber  = "arXiv:1510.07488",
      url           = "https://cds.cern.ch/record/2062435",
      note          = "Comments: Submitted to J. Instrum",
}


@article{HIG-13-004,
    Archiveprefix = {arXiv},
    Author = {Chatrchyan, Serguei and others},
    Collaboration = {CMS},
    Date-Added = {2014-07-24 08:06:02 +0000},
    Date-Modified = {2014-07-24 08:06:40 +0000},
    Doi = {10.1007/JHEP05(2014)104},
    Eprint = {1401.5041},
    Journal = {JHEP},
    Pages = {104},
    Primaryclass = {hep-ex},
    Reportnumber = {CMS-HIG-13-004,
     CERN-PH-EP-2014-001},
    Slaccitation = {%%CITATION = ARXIV:1401.5041;%%},
    Title = {{Evidence for the125 GeV Higgs boson decaying to a pair of $\tau$ leptons}},
    Volume = {1405},
    Year = {2014}
}
                                                            
@article{TauPol,
    Author = {Bullock, B.K. and Hagiwara, Kaoru and Martin, Alan D.},
    Date-Added = {2014-02-19 19:12:36 +0000},
    Date-Modified = {2014-02-19 19:14:49 +0000},
    Doi = {10.1016/0550-3213(93)90045-Q},
    Journal = {Nucl. Phys. B},
    Keywords = {HTTCited,ObjOther},
    Pages = {499},
    Title = {{Tau polarization and its correlations
     as a probe of new physics}},
    Volume = {395},
    Year = {1993}
}

@article{CMS-PAS-JME-13-005,
    Collaboration = {CMS},
    Date-Added = {2014-02-19 19:06:46 +0000},
    Date-Modified = {2014-04-03 11:15:21 +0000},
    Journal = {CMS Physics Analysis Summary},
    Keywords = {HTTCited,CMSOther,Jets},
    Title = {Pileup Jet Identification},
    Url = {http://cdsweb.cern.ch/record/1581583},
    Volume = {CMS-PAS-JME-13-005},
    Year = {2013}
}

@article{1748-0221-3-08-S08001,
  author={L. Evans and P. Bryant},
  title={LHC Machine},
  journal={JINST},
  volume={3},
  number={08},
  pages={S08001},
  doi="10.1088/1748-0221/3/08/S08001",
  year={2008},
  abstract={}
}

@book{lepdesign,
      title         = "{LEP design report, volume I: The LEP injector chain; LEP design report, volume II: The LEP Main Ring}",
      author        = "{{LEP Injector Study Group}}",
      publisher     = "CERN",
      address       = "Geneva",
      year          = "1983"
}

@article{Aamodt:2008zz,
      author         = "ALICE Collaboration",
      title          = "{The ALICE experiment at the CERN LHC}",
      journal        = "JINST",
      volume         = "3",
      pages          = "S08002",
      doi            = "10.1088/1748-0221/3/08/S08002",
      year           = "2008",
}



@article{Aad:1129811,
      author        ="ATLAS Collaboration",
      title         = "{The ATLAS Experiment at the CERN Large Hadron Collider}",
      journal       = "JINST",
      volume        = "3",
      pages         = "S08003",
      year          = "2008",
      doi="10.1088/1748-0221/3/08/S08003",
}

@article{Chatrchyan:2008aa,
      author         = "CMS Collaboration",
      title          = "{The CMS experiment at the CERN LHC}",
      journal        = "JINST",
      volume         = "3",
      pages          = "S08004",
      doi            = "10.1088/1748-0221/3/08/S08004",
      year           = "2008",
      SLACcitation   = "%%CITATION = JINST,3,S08004;%%",
}

@article{Alves:2008zz,
      author         = "Alves, A. Augusto, Jr. and others",
      title          = "{The LHCb Detector at the LHC}",
      collaboration  = "LHCb",
      journal        = "JINST",
      volume         = "3",
      pages          = "S08005",
      doi            = "10.1088/1748-0221/3/08/S08005",
      year           = "2008",
      SLACcitation   = "%%CITATION = JINST,3,S08005;%%",
}

@book{Benedikt:823808,
      author        = "Benedikt, Michael and Collier, Paul and Mertens, V and
                       Poole, John and Schindl, Karlheinz",
      title         = "{LHC Design Report}",
      publisher     = "CERN",
      address       = "Geneva",
      year          = "2004",
      url           = "https://cds.cern.ch/record/823808",
}

@article{PhysRevLett.100.120801,
  title = {New Measurement of the Electron Magnetic Moment and the Fine Structure Constant},
  author = {Hanneke, D. and Fogwell, S. and Gabrielse, G.},
  journal = {Phys. Rev. Lett.},
  volume = {100},
  issue = {12},
  pages = {120801},
  numpages = {4},
  year = {2008},
  month = {Mar},
  publisher = {American Physical Society},
  doi = {10.1103/PhysRevLett.100.120801},
  url = {http://link.aps.org/doi/10.1103/PhysRevLett.100.120801}
}

@article{PhysRev.96.191,
  title = {Conservation of Isotopic Spin and Isotopic Gauge Invariance},
  author = {Yang, C. N. and Mills, R. L.},
  journal = {Phys. Rev.},
  volume = {96},
  issue = {1},
  pages = {191--195},
  numpages = {0},
  year = {1954},
  month = {Oct},
  publisher = {American Physical Society},
  doi = {10.1103/PhysRev.96.191},
  url = {http://link.aps.org/doi/10.1103/PhysRev.96.191}
}

@article{Noether:1918zz,
      author         = "Noether, Emmy",
      title          = "{Invariant Variation Problems}",
      journal        = "Gott. Nachr.",
      volume         = "1918",
      year           = "1918",
      pages          = "235-257",
      doi            = "10.1080/00411457108231446",
      note           = "[Transp. Theory Statist. Phys.1,186(1971)]",
      eprint         = "physics/0503066",
      archivePrefix  = "arXiv",
      primaryClass   = "physics",
      SLACcitation   = "%%CITATION = PHYSICS/0503066;%%"
}

@article{doi:10.1080/00411457108231446,
author = { Emmy   Noether },
title = {Invariant variation problems},
journal = {Transport Theory and Statistical Physics},
volume = {1},
number = {3},
pages = {186-207},
year = {1971},
doi = {10.1080/00411457108231446},
}

@article{CMSLumiPublic,
    Collaboration = {CMS},
    Title = {CMS Luminosity - Public Results},
    Url = {http://twiki.cern.ch/twiki/bin/view/CMSPublic/LumiPublicResults}
}

@article{CMSSMPPublic,
    Collaboration = {CMS},
    Title = {Summaries of CMS cross section measurements},
    Url = {http://twiki.cern.ch/twiki/bin/view/CMSPublic/PhysicsResultsCombined}
}

@article{CMSSlice,
    Collaboration = {CMS},
    Title = {Interactive Slice of the CMS detector},
    Journal = {CMS Document 4172-v2},
}



@article{Stirlingppxs,
    Author = {W. J. Stirling},
    Title = {Private communication},
}

@article{eleeff,
    Author = {L. Sani},
    Title = {Private communication},
}



@article{cmsschematic,
    Author = {T. Sakuma and T. McCauley},
    Title = {Detector and Event Visualization with SketchUp at the CMS Experiment},
    Journal = "J. Phys.: Conf. Ser.",
    Volume = "513",
    pages = "022032",
    doi = {10.1088/1742-6596/513/2/022032}
}

@article{Agashe:2014kda,
      author         = "Olive, K. A. and others",
      title          = "{Review of Particle Physics}",
      collaboration  = "Particle Data Group",
      journal        = "Chin. Phys.",
      volume         = "C38",
      year           = "2014",
      pages          = "090001",
      doi            = "10.1088/1674-1137/38/9/090001",
      SLACcitation   = "%%CITATION = CHPHD,C38,090001;%%"
}

@book{griffiths2008introduction,
  title={Introduction to Elementary Particles},
  author={Griffiths, D.},
  isbn={9783527406012},
  series={Physics textbook},
  url={https://books.google.co.uk/books?id=w9Dz56myXm8C},
  year={2008},
  publisher={Wiley}
}

@article{Salam:2009jx,
      author         = "Salam, Gavin P.",
      title          = "{Towards Jetography}",
      booktitle      = "{2008 CTEQ-MCnet Summer School on QCD Phenomenology and
                        Monte Carlo Event Generators (MCnet 08) (CTEQ 08)
                        Debrecen, Hungary, August 8-16, 2008}",
      journal        = "Eur. Phys. J.",
      volume         = "C67",
      year           = "2010",
      pages          = "637-686",
      doi            = "10.1140/epjc/s10052-010-1314-6",
      eprint         = "0906.1833",
      archivePrefix  = "arXiv",
      primaryClass   = "hep-ph",
      SLACcitation   = "%%CITATION = ARXIV:0906.1833;%%"
}

@article{1126-6708-2008-04-063,
  author={Matteo Cacciari and Gavin P. Salam and Gregory Soyez},
  title={The anti- k t jet clustering algorithm},
  journal={Journal of High Energy Physics},
  volume={2008},
  number={04},
  pages={063},
  url={http://stacks.iop.org/1126-6708/2008/i=04/a=063},
  year={2008}
}

@techreport{ATL-PHYS-PUB-2011-011,
      title         = "{Procedure for the LHC Higgs boson search combination in
                       summer 2011}",
      institution   = "CERN",
      address       = "Geneva",
      number        = "ATL-PHYS-PUB-2011-011, CMS NOTE 2011/005",
      month         = "Aug",
      year          = "2011",
      reportNumber  = "ATL-PHYS-PUB-2011-011",
      url           = "https://cds.cern.ch/record/1375842",
}

@article{Cowan:2010js,
      author         = "Cowan, Glen and Cranmer, Kyle and Gross, Eilam and
                        Vitells, Ofer",
      title          = "{Asymptotic formulae for likelihood-based tests of new
                        physics}",
      journal        = "Eur. Phys. J.",
      volume         = "C71",
      year           = "2011",
      pages          = "1554",
      doi            = "10.1140/epjc/s10052-011-1554-0,
                        10.1140/epjc/s10052-013-2501-z",
      note           = "[Erratum: Eur. Phys. J.C73,2501(2013)]",
      eprint         = "1007.1727",
      archivePrefix  = "arXiv",
      primaryClass   = "physics.data-an",
      SLACcitation   = "%%CITATION = ARXIV:1007.1727;%%"
}

%prompt chapter
@article{Chatrchyan:2014tja,
      author         = "Chatrchyan, Serguei and others",
      title          = "{Search for invisible decays of Higgs bosons in the
                        vector boson fusion and associated ZH production modes}",
      collaboration  = "CMS",
      journal        = "Eur. Phys. J.",
      volume         = "C74",
      year           = "2014",
      pages          = "2980",
      doi            = "10.1140/epjc/s10052-014-2980-6",
      eprint         = "1404.1344",
      archivePrefix  = "arXiv",
      primaryClass   = "hep-ex",
      reportNumber   = "CMS-HIG-13-030, CERN-PH-EP-2014-051",
      SLACcitation   = "%%CITATION = ARXIV:1404.1344;%%"
}

@article{Chatrchyan:1385560,
      author        = "Chatrchyan, Serguei and others",
title         = "{Performance of $\tau$-lepton reconstruction and
                       identification in CMS}",
      journal       = "J. Instrum.",
      collaboration = "CMS Collaboration",
      number        = "arXiv:1109.6034. CMS-TAU-11-001. CERN-PH-EP-2011-137",
      volume        = "7",
      pages         = "P01001. 33 p",
      month         = "Sep",
      year          = "2011",
      reportNumber  = "arXiv:1109.6034",
      url           = "https://cds.cern.ch/record/1385560",
}

%??minor background xs results
@article{CMS:2012fza,
      author         = "CMS Collaboration",
      title          = "{Top pair cross section in dileptons}",
      collaboration  = "CMS",
      year           = "2012",
      reportNumber   = "CMS-PAS-TOP-12-007",
      SLACcitation   = "%%CITATION = CMS-PAS-TOP-12-007;%%"
}

@article{CMS:2012iza,
      author         = "CMS Collaboration",
      title          = "{Measurement of the single-top t-channel cross section in
                        pp collisions at centre-of-mass energy of 8 TeV}",
      collaboration  = "CMS",
      year           = "2012",
      reportNumber   = "CMS-PAS-TOP-12-011",
      SLACcitation   = "%%CITATION = CMS-PAS-TOP-12-011;%%"
}

@article{CMS:2012zva,
      author         = "CMS Collaboration",
      title          = "{Measurement of WW production rate}",
      collaboration  = "CMS",
      year           = "2012",
      reportNumber   = "CMS-PAS-SMP-12-013",
      SLACcitation   = "%%CITATION = CMS-PAS-SMP-12-013;%%"
}

@article{CMS:2013qea,
      author         = "CMS Collaboration",
      title          = "{Measurement of WZ production rate}",
      collaboration  = "CMS",
      year           = "2013",
      reportNumber   = "CMS-PAS-SMP-12-006",
      SLACcitation   = "%%CITATION = CMS-PAS-SMP-12-006;%%"
}

@article{CMS:2013hea,
      author         = "CMS Collaboration",
      title          = "{Measurement of the ZZ production cross section and
                        anomalous trilinear
gauge couplings in lll'l' decays at
                        sqrt(s) = 8 TeV at the LHC}",
      collaboration  = "CMS",
      year           = "2013",
      reportNumber   = "CMS-PAS-SMP-13-005",
      SLACcitation   = "%%CITATION = CMS-PAS-SMP-13-005;%%"
}

@article{Chatrchyan2013190,
title = "Measurement of the and \{ZZ\} production cross sections in pp collisions at ",
journal = "Physics Letters B ",
author= "CMS Collaboration",
collaboration = "CMS",
volume = "721",
number = "4–5",
pages = "190 - 211",
year = "2013",
note = "",
issn = "0370-2693",
doi = "http://dx.doi.org/10.1016/j.physletb.2013.03.027",
url = "http://www.sciencedirect.com/science/article/pii/S0370269313002529",
}

@techreport{Dittmaier:2011ti,
        Archiveprefix = {arXiv},
        Author = {{LHC Higgs Cross Section Working Group} and Dittmaier, S. and others},
        Eprint = {1101.0593},
        Number = {CERN-2011-002},
        doi            = "10.5170/CERN-2011-002",
        Primaryclass = {hep-ph},
        Title = {{Handbook of LHC Higgs Cross Sections: 1. Inclusive Observables}},
        Type = {CERN Report},
        Url = {http://cdsweb.cern.ch/record/1318996},
        Year = {2011},
}

@techreport{Dittmaier:2012vm,
        Archiveprefix = {arXiv},
        Author = {{LHC Higgs Cross Section Working Group} and Dittmaier, S. and others},
        Eprint = {1201.3084},
        Type = "CERN Report",
        Number = {CERN-2012-002},
                doi            = "10.5170/CERN-2012-002",
        Primaryclass = {hep-ph},
        Slaccitation = {%%CITATION = ARXIV:1201.3084;%%},                                                                                                                                                                                    
        Title = {{Handbook of LHC Higgs Cross Sections: 2. Differential Distributions}},
        Year = {2012},
        url = {https://cds.cern.ch/record/1416519}
}

@techreport{Heinemeyer:1559921,
      author        = {{LHC Higgs Cross Section Working Group} and Dittmaier, S. and others},
      title         = "{Handbook of LHC Higgs Cross Sections: 3. Higgs
                       Properties: Report of the LHC Higgs Cross Section Working
                       Group}",
      collaboration = "LHC Higgs Cross Section Working Group",
      address       = "Geneva",
      number        = "arXiv:1307.1347. CERN-2013-004",
      year          = "2013",
      reportNumber  = "arXiv:1307.1347",
      url           = "https://cds.cern.ch/record/1559921",
      note          = "Comments: 404 pages, 139 figures, to be submitted to CERN
                       Report. Working Group web page:
                       https://twiki.cern.ch/twiki/bin/view/LHCPhysics/CrossSections",
}

@TECHREPORT{CMS-PAS-LUM-13-001,
      COLLABORATION = "CMS",
      TITLE       = "{CMS} Luminosity Based on Pixel Cluster Counting -- {S}ummer 2013 Update",
      AUTHOR      = "{CMS }",
      URL         = "http://cdsweb.cern.ch/record/1598864",
      TYPE        = "CMS Physics Analysis Summary",
      NUMBER      = "CMS-PAS-LUM-13-001",
      YEAR        = "2013"
}


@INPROCEEDINGS{2003sppp.conf...35L,
   author = {{Linnemann}, J.},
    title = "{Measures of Significance in HEP and Astrophysics}",
booktitle = {Statistical Problems in Particle Physics, Astrophysics, and Cosmology},
     year = 2003,
   eprint = {physics/0312059},
   editor = {{Lyons}, L. and {Mount}, R. and {Reitmeyer}, R.},
    pages = {35},
   adsurl = {http://adsabs.harvard.edu/abs/2003sppp.conf...35L},
  adsnote = {Provided by the SAO/NASA Astrophysics Data System}
}

@techreport{CMS-PAS-HIG-13-018,
      title         = "{Search for invisible Higgs produced in association with a
                       Z boson}",
      institution   = "CERN",
      collaboration = "CMS Collaboration",
      address       = "Geneva",
      number        = "CMS-PAS-HIG-13-018",
      year          = "2013",
      reportNumber  = "CMS-PAS-HIG-13-018",
      url           = "https://cds.cern.ch/record/1561758",
}

@techreport{CMS-PAS-HIG-13-028,
      title         = "{Search for the Higgs boson decaying to invisible
                       particles produced in
  association with Z bosons decaying
                       to bottom
  quarks}",
      institution   = "CERN",
      collaboration = "CMS Collaboration",
      address       = "Geneva",
      number        = "CMS-PAS-HIG-13-028",
      year          = "1900",
      reportNumber  = "CMS-PAS-HIG-13-028",
      url           = "https://cds.cern.ch/record/1610640",
}

@techreport{CMS-PAS-EXO-12-055,
      title         = "{Search for New Physics in the V/jet + MET final state}",
      institution   = "CERN",
      collaboration = "CMS Collaboration",
      address       = "Geneva",
      number        = "CMS-PAS-EXO-12-055",
      year          = "2015",
      reportNumber  = "CMS-PAS-EXO-12-055",
      url           = "http://cds.cern.ch/record/2036044",
}

@techreport{CMS-PAS-HIG-15-012,
      title         = "{A combination of searches for the invisible decays of the
                       Higgs boson using the CMS detector}",
      institution   = "CERN",
      collaboration = "CMS Collaboration",
      address       = "Geneva",
      number        = "CMS-PAS-HIG-15-012",
      year          = "2015",
      reportNumber  = "CMS-PAS-HIG-15-012",
      url           = "https://cds.cern.ch/record/2054465",
}

@techreport{CMS-PAS-HIG-15-002,
      title         = "{Measurements of the Higgs boson production and decay
                       rates and constraints on its couplings from a combined
                       ATLAS and CMS analysis of the LHC pp collision data at
                       $\sqrt{s}$ = 7 and 8 TeV}",
      institution   = "CERN",
      address       = "Geneva",
      number        = "CMS-PAS-HIG-15-002",
      year          = "2015",
      reportNumber  = "CMS-PAS-HIG-15-002",
      url           = "https://cds.cern.ch/record/2053103",
}

@article{PhysRevLett.114.191803,
  title = {Combined Measurement of the Higgs Boson Mass in $pp$ Collisions at $\sqrt{s}=7$ and 8 TeV with the ATLAS and CMS Experiments},
  author = {ATLAS Collaboration and CMS Collaboration},
  collaboration = {ATLAS Collaboration and CMS Collaboration},
  journal = {Phys. Rev. Lett.},
  volume = {114},
  issue = {19},
  pages = {191803},
  numpages = {33},
  year = {2015},
  month = {May},
  publisher = {American Physical Society},
  doi = {10.1103/PhysRevLett.114.191803},
  url = {http://link.aps.org/doi/10.1103/PhysRevLett.114.191803}
}

@article{krauss-diag,
Author = {F. Krauss},
Journal = {{http://www.ippp.dur.ac.uk/\~krauss/Lectures/MonteCarlos/Pheno\_5\_08.pdf}},
Month = {Accessed March},
Title = {{Phenomenology at collider experiments}},
Year = {2016}
}

@article{lhcexpschematic,
Author = {ATLAS collaboration},
Journal = {{http://atlas.ch/atlas\_photos/lhc/lhc\_03.html}},
Month = {Accessed March},
Title = {{ATLAS detector photos}},
Year = {2016}
}

@article{Sjöstrand2008852,
title = "A brief introduction to \{PYTHIA\} 8.1 ",
journal = "Computer Physics Communications ",
volume = "178",
number = "11",
pages = "852 - 867",
year = "2008",
note = "",
issn = "0010-4655",
doi = "http://dx.doi.org/10.1016/j.cpc.2008.01.036",
url = "http://www.sciencedirect.com/science/article/pii/S0010465508000441",
author = "Torbjörn Sjöstrand and Stephen Mrenna and Peter Skands",
keywords = "Event generators",
keywords = "Multiparticle production",
keywords = "Parton showers",
keywords = "Multiple interactions",
keywords = "Hadronisation "
}

@Article{Alwall2014,
author="Alwall, J.
and Frederix, R.
and Frixione, S.
and Hirschi, V.
and Maltoni, F.
and Mattelaer, O.
and Shao, H.-S.
and Stelzer, T.
and Torrielli, P.
and Zaro, M.",
title="The automated computation of tree-level and next-to-leading order differential cross sections, and their matching to parton shower simulations",
journal="Journal of High Energy Physics",
year="2014",
volume="2014",
number="7",
pages="1--157",
issn="1029-8479",
doi="10.1007/JHEP07(2014)079",
url="http://dx.doi.org/10.1007/JHEP07(2014)079"
}

@article{Nason:2004rx,
      author         = "Nason, Paolo",
      title          = "{A New method for combining NLO QCD with shower Monte
                        Carlo algorithms}",
      journal        = "JHEP",
      volume         = "11",
      year           = "2004",
      pages          = "040",
      doi            = "10.1088/1126-6708/2004/11/040",
      eprint         = "hep-ph/0409146",
      archivePrefix  = "arXiv",
      primaryClass   = "hep-ph",
      reportNumber   = "BICOCCA-FT-04-11",
      SLACcitation   = "%%CITATION = HEP-PH/0409146;%%"
}

@article{Frixione:2007vw,
      author         = "Frixione, Stefano and Nason, Paolo and Oleari, Carlo",
      title          = "{Matching NLO QCD computations with Parton Shower
                        simulations: the POWHEG method}",
      journal        = "JHEP",
      volume         = "11",
      year           = "2007",
      pages          = "070",
      doi            = "10.1088/1126-6708/2007/11/070",
      eprint         = "0709.2092",
      archivePrefix  = "arXiv",
      primaryClass   = "hep-ph",
      reportNumber   = "BICOCCA-FT-07-9, GEF-TH-21-2007",
      SLACcitation   = "%%CITATION = ARXIV:0709.2092;%%"
}

@article{Alioli:2010xd,
      author         = "Alioli, Simone and Nason, Paolo and Oleari, Carlo and Re,
                        Emanuele",
      title          = "{A general framework for implementing NLO calculations in
                        shower Monte Carlo programs: the POWHEG BOX}",
      journal        = "JHEP",
      volume         = "06",
      year           = "2010",
      pages          = "043",
      doi            = "10.1007/JHEP06(2010)043",
      eprint         = "1002.2581",
      archivePrefix  = "arXiv",
      primaryClass   = "hep-ph",
      reportNumber   = "DESY-10-018, SFB-CPP-10-22, IPPP-10-11, DCPT-10-22",
      SLACcitation   = "%%CITATION = ARXIV:1002.2581;%%"
}

@article{PhysRevD.68.094021,
  title = {Next-to-leading order QCD predictions for $W+2$ jet and $Z+2$ jet production at the CERN LHC},
  author = {Campbell, John and Ellis, R. K. and Rainwater, D.},
  journal = {Phys. Rev. D},
  volume = {68},
  issue = {9},
  pages = {094021},
  numpages = {9},
  year = {2003},
  month = {Nov},
  publisher = {American Physical Society},
  doi = {10.1103/PhysRevD.68.094021},
  url = {http://link.aps.org/doi/10.1103/PhysRevD.68.094021}
}

@article{Baglio:2014uba,
      author         = "Baglio, J. and others",
      title          = "{Release Note - VBFNLO 2.7.0}",
      year           = "2014",
      eprint         = "1404.3940",
      archivePrefix  = "arXiv",
      primaryClass   = "hep-ph",
      reportNumber   = "FTUV-14-2903, IFIC-14-26, KA-TP-10-2014, LPN14-062,
                        MAN-HEP-2014-03",
      SLACcitation   = "%%CITATION = ARXIV:1404.3940;%%"
}

@article{Arnold:2011wj,
      author         = "Arnold, K. and others",
      title          = "{VBFNLO: A Parton Level Monte Carlo for Processes with
                        Electroweak Bosons -- Manual for Version 2.5.0}",
      year           = "2011",
      eprint         = "1107.4038",
      archivePrefix  = "arXiv",
      primaryClass   = "hep-ph",
      reportNumber   = "KA-TP-15-2011, FTUV-11-0730, WUB-11-06,
                        FR-PHENO-2011-012, MZ-TH-11-19, CERN-PH-TH-2011-1,
                        LPN11-40, DESY-11-125, TTK-10-51, --MZ-TH-11-19,
                        CERN-PH-TH-2011-173, --MAN-HEP-2014-02",
      SLACcitation   = "%%CITATION = ARXIV:1107.4038;%%"
}

@article{Arnold20091661,
title = "Vbfnlo: A parton level Monte Carlo for processes with electroweak bosons ",
journal = "Computer Physics Communications ",
volume = "180",
number = "9",
pages = "1661 - 1670",
year = "2009",
note = "",
issn = "0010-4655",
doi = "http://dx.doi.org/10.1016/j.cpc.2009.03.006",
url = "http://www.sciencedirect.com/science/article/pii/S0010465509001027",
author = "K. Arnold and M. Bähr and G. Bozzi and F. Campanario and C. Englert and T. Figy and N. Greiner and C. Hackstein and V. Hankele and B. Jäger and G. Klämke and M. Kubocz and C. Oleari and S. Plätzer and S. Prestel and M. Worek and D. Zeppenfeld",
keywords = "\{NLO\} Monte Carlo program",
keywords = "One-loop \{QCD\} corrections",
keywords = "Electroweak bosons",
keywords = "Hadronic collisions "
}

@article{PhysRevD.86.094034,
  title = {Combining QCD and electroweak corrections to dilepton production in the framework of the FEWZ simulation code},
  author = {Li, Ye and Petriello, Frank},
  journal = {Phys. Rev. D},
  volume = {86},
  issue = {9},
  pages = {094034},
  numpages = {12},
  year = {2012},
  month = {Nov},
  publisher = {American Physical Society},
  doi = {10.1103/PhysRevD.86.094034},
  url = {http://link.aps.org/doi/10.1103/PhysRevD.86.094034}
}

@article{Agostinelli2003250,
title = "Geant4—a simulation toolkit ",
journal = "Nuclear Instruments and Methods in Physics Research Section A: Accelerators, Spectrometers, Detectors and Associated Equipment ",
volume = "506",
number = "3",
pages = "250 - 303",
year = "2003",
note = "",
issn = "0168-9002",
doi = "http://dx.doi.org/10.1016/S0168-9002(03)01368-8",
url = "http://www.sciencedirect.com/science/article/pii/S0168900203013688",
author = "S. Agostinelli and J. Allison and K. Amako and J. Apostolakis and H. Araujo and P. Arce and M. Asai and D. Axen and S. Banerjee and G. Barrand and F. Behner and L. Bellagamba and J. Boudreau and L. Broglia and A. Brunengo and H. Burkhardt and S. Chauvie and J. Chuma and R. Chytracek and G. Cooperman and G. Cosmo and P. Degtyarenko and A. Dell'Acqua and G. Depaola and D. Dietrich and R. Enami and A. Feliciello and C. Ferguson and H. Fesefeldt and G. Folger and F. Foppiano and A. Forti and S. Garelli and S. Giani and R. Giannitrapani and D. Gibin and J.J. Gómez Cadenas and I. González and G. Gracia Abril and G. Greeniaus and W. Greiner and V. Grichine and A. Grossheim and S. Guatelli and P. Gumplinger and R. Hamatsu and K. Hashimoto and H. Hasui and A. Heikkinen and A. Howard and V. Ivanchenko and A. Johnson and F.W. Jones and J. Kallenbach and N. Kanaya and M. Kawabata and Y. Kawabata and M. Kawaguti and S. Kelner and P. Kent and A. Kimura and T. Kodama and R. Kokoulin and M. Kossov and H. Kurashige 
and E. Lamanna and T. Lampén and V. Lara and V. Lefebure and F. Lei and M. Liendl and W. Lockman and F. Longo and S. Magni and M. Maire and E. Medernach and K. Minamimoto and P. Mora de Freitas and Y. Morita and K. Murakami and M. Nagamatu and R. Nartallo and P. Nieminen and T. Nishimura and K. Ohtsubo and M. Okamura and S. O'Neale and Y. Oohata and K. Paech and J. Perl and A. Pfeiffer and M.G. Pia and F. Ranjard and A. Rybin and S. Sadilov and E. Di Salvo and G. Santin and T. Sasaki and N. Savvas and Y. Sawada and S. Scherer and S. Sei and V. Sirotenko and D. Smith and N. Starkov and H. Stoecker and J. Sulkimo and M. Takahata and S. Tanaka and E. Tcherniaev and E. Safai Tehrani and M. Tropeano and P. Truscott and H. Uno and L. Urban and P. Urban and M. Verderi and A. Walkden and W. Wander and H. Weber and J.P. Wellisch and T. Wenaus and D.C. Williams and D. Wright and T. Yamada and H. Yoshida and D. Zschiesche",
keywords = "Simulation",
keywords = "Particle interactions",
keywords = "Geometrical modelling",
keywords = "Software engineering",
keywords = "Object-oriented technology",
keywords = "Distributed software development "
}

@Article{Favereau2014,
author="Favereau, J.
and Delaere, C.
and Demin, P.
and Giammanco, A.
and Lema{\^i}tre, V.
and Mertens, A.
and Selvaggi, M.",
title="DELPHES 3: a modular framework for fast simulation of a generic collider experiment",
journal="Journal of High Energy Physics",
year="2014",
volume="2014",
number="2",
pages="1--26",
abstract="The version 3.0 of the Delphes fast-simulation is presented. The goal of Delphes is to allow the simulation of a multipurpose detector for phenomenological studies. The simulation includes a track propagation system embedded in a magnetic field, electromagnetic and hadron calorimeters, and a muon identification system. Physics objects that can be used for data analysis are then reconstructed from the simulated detector response. These include tracks and calorimeter deposits and high level objects such as isolated electrons, jets, taus, and missing energy. The new modular approach allows for greater flexibility in the design of the simulation and reconstruction sequence. New features such as the particle-flow reconstruction approach, crucial in the first years of the LHC, and pile-up simulation and mitigation, which is needed for the simulation of the LHC detectors in the near future, have also been implemented. The Delphes framework is not meant to be used for advanced detector studies, for which 
more accurate tools are needed. Although some aspects of Delphes are hadron collider specific, it is flexible enough to be adapted to the needs of electron-positron collider experiments.                                                                                      ",
issn="1029-8479",
doi="10.1007/JHEP02(2014)057",
url="http://dx.doi.org/10.1007/JHEP02(2014)057"
}

@techreport{CMS-PAS-HIG-14-038,
      title         = "{Search for invisible decays of Higgs bosons in the vector
                       boson fusion production mode}",
      institution   = "CERN",
      collaboration = "CMS Collaboration",
      address       = "Geneva",
      number        = "CMS-PAS-HIG-14-038",
      year          = "2015",
      reportNumber  = "CMS-PAS-HIG-14-038",
      url           = "https://cds.cern.ch/record/2007270",
}

@article{PhysRevD.88.116009,
  title = {Bounds on dark matter interactions with electroweak gauge bosons},
  author = {Cotta, R. C. and Hewett, J. L. and Le, M.-P. and Rizzo, T. G.},
  journal = {Phys. Rev. D},
  volume = {88},
  issue = {11},
  pages = {116009},
  numpages = {23},
  year = {2013},
  month = {Dec},
  publisher = {American Physical Society},
  doi = {10.1103/PhysRevD.88.116009},
  url = {http://link.aps.org/doi/10.1103/PhysRevD.88.116009}
}


@article{PhysRevD.91.015017,
  title = {Scalar simplified models for dark matter},
  author = {Buckley, Matthew R. and Feld, David and Gon\ifmmode \mbox{\c{c}}\else \c{c}\fi{}alves, Dorival},
  journal = {Phys. Rev. D},
  volume = {91},
  issue = {1},
  pages = {015017},
  numpages = {18},
  year = {2015},
  month = {Jan},
  publisher = {American Physical Society},
  doi = {10.1103/PhysRevD.91.015017},
  url = {http://link.aps.org/doi/10.1103/PhysRevD.91.015017}
}

@article{D'Ambrosio2002155,
title = "Minimal flavour violation: an effective field theory approach ",
journal = "Nuclear Physics B ",
volume = "645",
number = "1–2",
pages = "155 - 187",
year = "2002",
note = "",
issn = "0550-3213",
doi = "http://dx.doi.org/10.1016/S0550-3213(02)00836-2",
url = "http://www.sciencedirect.com/science/article/pii/S0550321302008362",
author = "G. D'Ambrosio and G.F. Giudice and G. Isidori and A. Strumia"
}
